@book{binmore2007game,
  title={Game theory: a very short introduction},
  author={Binmore, Ken},
  year={2007},
  publisher={OUP Oxford}
}
@article{chapman2012using,
  title={Using game theory to examine incentives in influenza vaccination behavior},
  author={Chapman, Gretchen B and Li, Meng and Vietri, Jeffrey and Ibuka, Yoko and Thomas, David and Yoon, Haewon and Galvani, Alison P},
  journal={Psychological science},
  pages={0956797612437606},
  year={2012},
  publisher={Sage Publications}
}
@article{cumming2008reforming,
  title={Reforming primary health care: is New Zealand's primary health care strategy achieving its early goals?},
  author={Cumming, Jacqueline and Mays, Nicholas and Gribben, Barry},
  journal={Australia and New Zealand Health Policy},
  volume={5},
  number={1},
  pages={24},
  year={2008},
  publisher={BioMed Central Ltd}
}
@book{dinar2008game,
  title={Game Theory and Policy Making in Natural Resources and the Environment},
  author={Dinar, Ariel and Albiac, Jos{\'e} and S{\'a}nchez-Soriano, Joaqu{\'\i}n},
  volume={10},
  year={2008},
  publisher={Routledge}
}
@article{dobson2004sustainable,
  title={Sustainable Network Advantages: A Game Theoretic Approach to Community-Based Health Care Coalitions},
  author={Dobson, Ellen E and Ford, Eric W},
  year={2004},
  publisher={The University of North Carolina at Greensboro}
}
@book{gans2011principles,
  title={Principles of economics},
  author={Gans, Joshua and King, Stephen and Stonecash, Robin and Mankiw, N Gregory},
  year={2011},
  publisher={Cengage Learning}
}
@article{gauld2006new,
  title={Are New Zealand's new primary health organisations fit for purpose?},
  author={Gauld, Robin and Mays, Nicholas},
  journal={Bmj},
  volume={333},
  number={7580},
  pages={1216--1218},
  year={2006},
  publisher={British Medical Journal Publishing Group}
}
@article{hefford2005reducing,
  title={Reducing health disparities through primary care reform: the New Zealand experiment},
  author={Hefford, Martin and Crampton, Peter and Foley, Jon},
  journal={Health Policy},
  volume={72},
  number={1},
  pages={9--23},
  year={2005},
  publisher={Elsevier}
}
@article{howell2005restructuring,
  title={Restructuring primary health care markets in New Zealand: from welfare benefits to insurance markets},
  author={Howell, Bronwyn},
  journal={Australia and New Zealand Health Policy},
  volume={2},
  number={1},
  pages={20},
  year={2005},
  publisher={BioMed Central Ltd}
}
@article{jatrana2009primary,
  title={Primary health care in New Zealand: Who has access?},
  author={Jatrana, Santosh and Crampton, Peter},
  journal={Health Policy},
  volume={93},
  number={1},
  pages={1--10},
  year={2009},
  publisher={Elsevier}
}
@book{king2001primary,
  title={The primary health care strategy},
  author={King, Annette},
  year={2001},
  publisher={Ministry of Health Wellington}
}
@article{malcolm1999new,
  title={New Zealand's independent practitioner associations: a working model of clinical governance in primary care?},
  author={Malcolm, Laurence and Mays, Nicholas},
  journal={Bmj},
  volume={319},
  number={7221},
  pages={1340--1342},
  year={1999},
  publisher={BMJ Publishing Group Ltd}
}
@book{morris2007economic,
  title={Economic analysis in health care},
  author={Morris, Stephen and Devlin, Nancy and Parkin, David},
  year={2007},
  publisher={John Wiley \& Sons}
}
@book{rohlf2008introduction,
  title={Introduction to economic reasoning},
  author={Rohlf, William D},
  year={2008},
  publisher={Addison Wesley}
}
@article{ryall2007better,
  title={Better, sooner, more convenient: health discussion paper},
  author={Ryall, Hon Tony},
  journal={Wellington: National Party of New Zealand},
  year={2007}
}
@article{tarrant2010continuity,
  title={Continuity and trust in primary care: a qualitative study informed by game theory},
  author={Tarrant, Carolyn and Dixon-Woods, Mary and Colman, Andrew M and Stokes, Tim},
  journal={The Annals of Family Medicine},
  volume={8},
  number={5},
  pages={440--446},
  year={2010},
  publisher={Annals Family Med}
}
@misc{saxowsky2010online,
author = {Saxowsky, David},
title = {{Perfect and Imperfect Competition}},
howpublished = {\url{https://www.ndsu.edu/pubweb/~saxowsky/frm&agbusmgt/ref_topics/PICompetition.htm}},
month = {September},
year = {2010},
note = {Online; Accessed on 03/05/2016}
}
@article{pinkse2010future,
  title={The future of spatial econometrics*},
  author={Pinkse, Joris and Slade, Margaret E},
  journal={Journal of Regional Science},
  volume={50},
  number={1},
  pages={103--117},
  year={2010},
  publisher={Wiley Online Library}
}
@article{fingleton2001theoretical,
  title={Theoretical economic geography and spatial econometrics: dynamic perspectives},
  author={Fingleton, Bernard},
  journal={Journal of Economic Geography},
  volume={1},
  number={2},
  pages={201--225},
  year={2001},
  publisher={Oxford Univ Press}
}
@article{van2005avoiding,
  title={Avoiding liability under the Commerce Act--what can be learned from the ophthalmologists' case?},
  author={van Roy, Yvonne},
  journal={The New Zealand Medical Journal (Online)},
  volume={118},
  number={1211},
  year={2005},
  publisher={New Zealand Medical Association (NZMA)}
}


